@article{DBLP:journals/corr/abs-2004-09677,
  author     = {Finbarr Timbers and
                Edward Lockhart and
                Martin Schmid and
                Marc Lanctot and
                Michael Bowling},
  title      = {Approximate exploitability: Learning a best response in large games},
  journal    = {CoRR},
  volume     = {abs/2004.09677},
  year       = {2020},
  url        = {https://arxiv.org/abs/2004.09677},
  eprinttype = {arXiv},
  eprint     = {2004.09677},
  timestamp  = {Tue, 28 Apr 2020 16:10:02 +0200},
  biburl     = {https://dblp.org/rec/journals/corr/abs-2004-09677.bib},
  bibsource  = {dblp computer science bibliography, https://dblp.org}
}

@article{DBLP:journals/corr/abs-1903-09569,
  author     = {Li Zhang and
                Wei Wang and
                Shijian Li and
                Gang Pan},
  title      = {Monte Carlo Neural Fictitious Self-Play: Achieve Approximate Nash
                equilibrium of Imperfect-Information Games},
  journal    = {CoRR},
  volume     = {abs/1903.09569},
  year       = {2019},
  url        = {http://arxiv.org/abs/1903.09569},
  eprinttype = {arXiv},
  eprint     = {1903.09569},
  timestamp  = {Thu, 10 Oct 2019 17:03:18 +0200},
  biburl     = {https://dblp.org/rec/journals/corr/abs-1903-09569.bib},
  bibsource  = {dblp computer science bibliography, https://dblp.org}
}
