@misc{Curt-Park,
  author       = {Jinwoo Park and
                  Kyunghwan Kim and
                  Wej Chen and
                  Wang Lei and
                  leeyaf and
                  ahmadF and 
                  Roberto Schiavone and 
                  David Yuan and 
                  dhanushka2001
                  },
  title        = {Rainbow is All You Need},
  year         = {2020},
  publisher    = {GitHub},
  journal      = {GitHub repository},
  howpublished = {\url{https://github.com/Curt-Park/rainbow-is-all-you-need}},
  commit       = {8e41a92}
}


@article{DBLP:journals/corr/abs-2011-14826,
  author     = {Johan S. Obando{-}Ceron and
                Pablo Samuel Castro},
  title      = {Revisiting Rainbow: Promoting more insightful and inclusive deep reinforcement
                learning research},
  journal    = {CoRR},
  volume     = {abs/2011.14826},
  year       = {2020},
  url        = {https://arxiv.org/abs/2011.14826},
  eprinttype = {arXiv},
  eprint     = {2011.14826},
  timestamp  = {Tue, 01 Dec 2020 14:59:59 +0100},
  biburl     = {https://dblp.org/rec/journals/corr/abs-2011-14826.bib},
  bibsource  = {dblp computer science bibliography, https://dblp.org}
}

@article{DBLP:journals/corr/abs-1710-02298,
  author     = {Matteo Hessel and
                Joseph Modayil and
                Hado van Hasselt and
                Tom Schaul and
                Georg Ostrovski and
                Will Dabney and
                Daniel Horgan and
                Bilal Piot and
                Mohammad Gheshlaghi Azar and
                David Silver},
  title      = {Rainbow: Combining Improvements in Deep Reinforcement Learning},
  journal    = {CoRR},
  volume     = {abs/1710.02298},
  year       = {2017},
  url        = {http://arxiv.org/abs/1710.02298},
  eprinttype = {arXiv},
  eprint     = {1710.02298},
  timestamp  = {Mon, 13 Aug 2018 16:48:05 +0200},
  biburl     = {https://dblp.org/rec/journals/corr/abs-1710-02298.bib},
  bibsource  = {dblp computer science bibliography, https://dblp.org}
}

@article{cite-key,
  abstract      = {An artificial agent is developed that learns to play a diverse range of classic Atari 2600 computer games directly from sensory experience, achieving a performance comparable to that of an expert human player; this work paves the way to building general-purpose learning algorithms that bridge the divide between perception and action.},
  author        = {Mnih, Volodymyr and Kavukcuoglu, Koray and Silver, David and Rusu, Andrei A. and Veness, Joel and Bellemare, Marc G. and Graves, Alex and Riedmiller, Martin and Fidjeland, Andreas K. and Ostrovski, Georg and Petersen, Stig and Beattie, Charles and Sadik, Amir and Antonoglou, Ioannis and King, Helen and Kumaran, Dharshan and Wierstra, Daan and Legg, Shane and Hassabis, Demis},
  date          = {2015/02/01},
  date-added    = {2024-05-27 20:32:47 -0400},
  date-modified = {2024-05-27 20:32:47 -0400},
  doi           = {10.1038/nature14236},
  id            = {Mnih2015},
  isbn          = {1476-4687},
  journal       = {Nature},
  number        = {7540},
  pages         = {529--533},
  title         = {Human-level control through deep reinforcement learning},
  url           = {https://doi.org/10.1038/nature14236},
  volume        = {518},
  year          = {2015},
  bdsk-url-1    = {https://doi.org/10.1038/nature14236}
}

@article{DBLP:journals/corr/HasseltGS15,
  author     = {Hado van Hasselt and
                Arthur Guez and
                David Silver},
  title      = {Deep Reinforcement Learning with Double Q-learning},
  journal    = {CoRR},
  volume     = {abs/1509.06461},
  year       = {2015},
  url        = {http://arxiv.org/abs/1509.06461},
  eprinttype = {arXiv},
  eprint     = {1509.06461},
  timestamp  = {Mon, 13 Aug 2018 16:47:32 +0200},
  biburl     = {https://dblp.org/rec/journals/corr/HasseltGS15.bib},
  bibsource  = {dblp computer science bibliography, https://dblp.org}
}

@article{key,
  author  = {Tom Schaul and
             John Quan and
             Ioannis Antonoglou and
             David Silver},
  journal = {ICLR},
  number  = {},
  title   = {Prioritized Experience Replay},
  volume  = {},
  year    = {2015}
}

@article{DBLP:journals/corr/WangFL15,
  author     = {Ziyu Wang and
                Nando de Freitas and
                Marc Lanctot},
  title      = {Dueling Network Architectures for Deep Reinforcement Learning},
  journal    = {CoRR},
  volume     = {abs/1511.06581},
  year       = {2015},
  url        = {http://arxiv.org/abs/1511.06581},
  eprinttype = {arXiv},
  eprint     = {1511.06581},
  timestamp  = {Mon, 13 Aug 2018 16:48:17 +0200},
  biburl     = {https://dblp.org/rec/journals/corr/WangFL15.bib},
  bibsource  = {dblp computer science bibliography, https://dblp.org}
}

@article{DBLP:journals/corr/FortunatoAPMOGM17,
  author     = {Meire Fortunato and
                Mohammad Gheshlaghi Azar and
                Bilal Piot and
                Jacob Menick and
                Ian Osband and
                Alex Graves and
                Vlad Mnih and
                R{\'{e}}mi Munos and
                Demis Hassabis and
                Olivier Pietquin and
                Charles Blundell and
                Shane Legg},
  title      = {Noisy Networks for Exploration},
  journal    = {CoRR},
  volume     = {abs/1706.10295},
  year       = {2017},
  url        = {http://arxiv.org/abs/1706.10295},
  eprinttype = {arXiv},
  eprint     = {1706.10295},
  timestamp  = {Mon, 13 Aug 2018 16:46:11 +0200},
  biburl     = {https://dblp.org/rec/journals/corr/FortunatoAPMOGM17.bib},
  bibsource  = {dblp computer science bibliography, https://dblp.org}
}

@article{DBLP:journals/corr/BellemareDM17,
  author     = {Marc G. Bellemare and
                Will Dabney and
                R{\'{e}}mi Munos},
  title      = {A Distributional Perspective on Reinforcement Learning},
  journal    = {CoRR},
  volume     = {abs/1707.06887},
  year       = {2017},
  url        = {http://arxiv.org/abs/1707.06887},
  eprinttype = {arXiv},
  eprint     = {1707.06887},
  timestamp  = {Mon, 13 Aug 2018 16:48:34 +0200},
  biburl     = {https://dblp.org/rec/journals/corr/BellemareDM17.bib},
  bibsource  = {dblp computer science bibliography, https://dblp.org}
}
